<record><leader>00000cas a22000007a 4500</leader><controlfield tag="001">16918867</controlfield><controlfield tag="007">hd bfu---baaa</controlfield><controlfield tag="008">871030d19831984mauwr nea     0    0spa d</controlfield><datafield ind1=" " ind2=" " tag="010"><subfield code="a">sn 87044853 </subfield></datafield><datafield ind1=" " ind2=" " tag="040"><subfield code="a">HLS</subfield><subfield code="b">eng</subfield><subfield code="c">HLS</subfield><subfield code="d">HUL</subfield><subfield code="d">OCLCQ</subfield><subfield code="d">OCLCF</subfield><subfield code="d">OCLCO</subfield></datafield><datafield ind1=" " ind2=" " tag="012"><subfield code="i">8711</subfield></datafield><datafield ind1=" " ind2=" " tag="042"><subfield code="a">msc</subfield></datafield><datafield ind1=" " ind2=" " tag="043"><subfield code="a">s-ag---</subfield></datafield><datafield ind1="0" ind2="3" tag="245"><subfield code="a">La Colectividad</subfield><subfield code="h">[microform].</subfield></datafield><datafield ind1=" " ind2=" " tag="260"><subfield code="a">[Buenos Aires] :</subfield><subfield code="b">La Colectividad Editora,</subfield><subfield code="c">1983-1984.</subfield></datafield><datafield ind1=" " ind2=" " tag="300"><subfield code="a">15 v. :</subfield><subfield code="b">ill. ;</subfield><subfield code="c">41 cm.</subfield></datafield><datafield ind1=" " ind2=" " tag="310"><subfield code="a">Weekly</subfield></datafield><datafield ind1="0" ind2=" " tag="362"><subfield code="a">An&#771;o 1, no. 1 (viernes, 28 oct., 1983)-an&#771;o 1, no. 15 (viernes, 11 mayo, 1984).</subfield></datafield><datafield ind1=" " ind2=" " tag="533"><subfield code="a">Microfilm.</subfield><subfield code="b">Cambridge, Mass. :</subfield><subfield code="c">Harvard University Library Reproduction Service,</subfield><subfield code="d">1987.</subfield><subfield code="e">1 microfilm reel : negative ; 35 mm.</subfield></datafield><datafield ind1=" " ind2="0" tag="650"><subfield code="a">Jews</subfield><subfield code="z">Argentina</subfield><subfield code="v">Periodicals.</subfield></datafield><datafield ind1=" " ind2="7" tag="655"><subfield code="a">Periodicals.</subfield><subfield code="2">fast</subfield><subfield code="0">(OCoLC)fst01411641</subfield></datafield><datafield ind1=" " ind2="7" tag="650"><subfield code="a">Jews.</subfield><subfield code="2">fast</subfield><subfield code="0">(OCoLC)fst00983135</subfield></datafield><datafield ind1=" " ind2="7" tag="651"><subfield code="a">Argentina.</subfield><subfield code="2">fast</subfield><subfield code="0">(OCoLC)fst01205614</subfield></datafield><datafield ind1=" " ind2=" " tag="752"><subfield code="a">Argentina</subfield><subfield code="d">Buenos Aires.</subfield></datafield><datafield ind1=" " ind2=" " tag="850"><subfield code="a">MH</subfield></datafield></record>